@misc{kotlin,
    title     = "Kotlin",
    url       = "https://developer.android.com/kotlin"
}

@misc{java,
    title     = "Java",
    url       = "https://java.com/en/download/faq/whatis_java.xml"
}

@misc{ktor,
    title     = "Ktor",
    url       = "https://ktor.io/"
}

@misc{jdbi,
    title     = "JDBI",
    url       = "https://jdbi.org/"
}

@misc{jdbc,
    title     = "JDBC",
    url       = "https://www.javatpoint.com/java-jdbc"
}

@misc{javascript,
    title     = "JavaScript",
    url       = "https://developer.mozilla.org/pt-PT/docs/Web/JavaScript"
}

@misc{jwt,
    title     = "JSON Web Token",
    url       = "https://jwt.io/"
}

@misc{springsecurity,
    title     = "Spring Security",
    url       = "https://spring.io/projects/spring-security"
}

@misc{bcrypt,
    title     = "BCrypt",
    url       = "https://auth0.com/blog/hashing-in-action-understanding-bcrypt/"
}

@misc{blowfish,
    title     = "Blowfish",
    url       = "https://en.wikipedia.org/wiki/Blowfish_(cipher)"
}

@misc{rainbowtable,
    title     = "Rainbow tables",
    url       = "https://en.wikipedia.org/wiki/Rainbow_table"
}

@misc{bruteforce,
    title     = "Bruteforce attack",
    url       = "https://en.wikipedia.org/wiki/Brute-force_attack"
}

@misc{haversine,
    title     = "Haversine",
    url       = "https://en.wikipedia.org/wiki/Haversine_formula"
}

@misc{postgresql,
    title     = "PostgreSQL",
    url       = "https://www.postgresql.org/about/"
}

@misc{postGIS,
    title     = "PostGIS",
    url       = "https://postgis.net/workshops/postgis-intro/"
}

@misc{jetpack,
    title     = "Android Jetpack",
    url       = "https://developer.android.com/jetpack"
}

@misc{crypto,
    title     = "Android Crypto",
    url       = "https://developer.android.com/reference/androidx/security/crypto/package-summary"
}

@misc{keystore,
    title     = "Android Keystore",
    url       = "https://developer.android.com/training/articles/keystore"
}

@misc{fragment,
    title     = "Android Fragment",
    url       = "https://developer.android.com/guide/components/fragments"
}

@misc{sharedpreferences,
    title     = "Android SharedPreferences",
    url       = "https://developer.android.com/reference/android/content/SharedPreferences"
}

@misc{springboot,
    title     = "Spring Boot",
    url       = "https://spring.io/projects/spring-boot"
}

@misc{springmvc,
    title     = "Spring MVC",
    url       = "https://docs.spring.io/spring/docs/current/spring-framework-reference/web.html"
}

@misc{msql,
    title     = "Microsoft SQL",
    url       = "https://www.microsoft.com/pt-pt/sql-server/sql-server-2019"
}

@misc{react,
    title     = "React framework",
    url       = "https://reactjs.org/docs/getting-started.html"
}